@Book{dennis2019,
  title = {African American Studies 188 - Intro to R Mapping},
  author = {Tim Dennis},
  year = {2019},
  url = {http://yihui.name/knitr/},
}
